<?xml version="1.0"?>
<marc:collection xmlns:marc="http://www.loc.gov/MARC21/slim" xmlns:xsi="http://www.w3.org/2001/XMLSchema-instance" xsi:schemaLocation="http://www.loc.gov/MARC21/slim http://www.loc.gov/standards/marcxml/schema/MARC21slim.xsd">
   <marc:record type="Bibliographic">
      <marc:leader>01432cam a2200361 a 4500</marc:leader>
      <marc:controlfield tag="001">2741661</marc:controlfield>
      <marc:controlfield tag="003">NjP</marc:controlfield>
      <marc:controlfield tag="005">20100809201946.0</marc:controlfield>
      <marc:controlfield tag="008">831206s1970    iq            001 0 araod</marc:controlfield>
      <marc:datafield tag="024" ind1="7" ind2=" ">
         <marc:subfield code="a">princeton_aco000014</marc:subfield>
         <marc:subfield code="2">local</marc:subfield>
      </marc:datafield>
      <marc:datafield tag="035" ind1=" " ind2=" ">
         <marc:subfield code="a">(OCoLC)ocn178055333</marc:subfield>
      </marc:datafield>
      <marc:datafield tag="035" ind1=" " ind2=" ">
         <marc:subfield code="a">(OCoLC)ocm10194564</marc:subfield>
      </marc:datafield>
      <marc:datafield tag="035" ind1=" " ind2=" ">
         <marc:subfield code="a">(OCoLC)178055333</marc:subfield>
      </marc:datafield>
      <marc:datafield tag="035" ind1=" " ind2=" ">
         <marc:subfield code="9">CND1561TS</marc:subfield>
      </marc:datafield>
      <marc:datafield tag="035" ind1=" " ind2=" ">
         <marc:subfield code="a">(NjP)2741661</marc:subfield>
      </marc:datafield>
      <marc:datafield tag="040" ind1=" " ind2=" ">
         <marc:subfield code="a">IXA</marc:subfield>
         <marc:subfield code="c">PUL</marc:subfield>
         <marc:subfield code="d">PUL</marc:subfield>
      </marc:datafield>
      <marc:datafield tag="049" ind1=" " ind2=" ">
         <marc:subfield code="a">PULL</marc:subfield>
      </marc:datafield>
      <marc:datafield tag="079" ind1=" " ind2=" ">
         <marc:subfield code="a">ocm10194564</marc:subfield>
      </marc:datafield>
      <marc:datafield tag="100" ind1="1" ind2=" ">
         <marc:subfield code="6">880-01</marc:subfield>
         <marc:subfield code="a">Sa&#x304;marra&#x304;&#x2BC;i&#x304;, Fa&#x304;d&#x323;il S&#x323;a&#x304;lih&#x323;.</marc:subfield>
      </marc:datafield>
      <marc:datafield tag="245" ind1="1" ind2="3">
         <marc:subfield code="6">880-02</marc:subfield>
         <marc:subfield code="a">al-Dira&#x304;sa&#x304;t al-nah&#x323;wi&#x304;yah wa-al-lughawi&#x304;yah &#x2BB;inda al-Zamakhshari&#x304; /</marc:subfield>
         <marc:subfield code="c">ta&#x2BC;li&#x304;f Fa&#x304;d&#x323;il S&#x323;a&#x304;lih&#x323; al-Sa&#x304;marra&#x304;&#x2BC;i&#x304;.</marc:subfield>
      </marc:datafield>
      <marc:datafield tag="260" ind1=" " ind2=" ">
         <marc:subfield code="6">880-03</marc:subfield>
         <marc:subfield code="a">[Baghda&#x304;d] :</marc:subfield>
         <marc:subfield code="b">Da&#x304;r al-Nadhi&#x304;r,</marc:subfield>
         <marc:subfield code="c">1970.</marc:subfield>
      </marc:datafield>
      <marc:datafield tag="300" ind1=" " ind2=" ">
         <marc:subfield code="a">419 p. ;</marc:subfield>
         <marc:subfield code="c">24 cm.</marc:subfield>
      </marc:datafield>
      <marc:datafield tag="504" ind1=" " ind2=" ">
         <marc:subfield code="a">Bibliography: p. 376-393.</marc:subfield>
      </marc:datafield>
      <marc:datafield tag="500" ind1=" " ind2=" ">
         <marc:subfield code="a">Includes index.</marc:subfield>
      </marc:datafield>
      <marc:datafield tag="650" ind1=" " ind2="0">
         <marc:subfield code="a">Arabic language</marc:subfield>
         <marc:subfield code="x">History.</marc:subfield>
      </marc:datafield>
      <marc:datafield tag="650" ind1=" " ind2="0">
         <marc:subfield code="a">Arabic philology</marc:subfield>
         <marc:subfield code="x">History.</marc:subfield>
      </marc:datafield>
      <marc:datafield tag="600" ind1="1" ind2="0">
         <marc:subfield code="6">880-04</marc:subfield>
         <marc:subfield code="a">Zamakhshari&#x304;, Mah&#x323;mu&#x304;d ibn &#x2BB;Umar,</marc:subfield>
         <marc:subfield code="d">1075-1144.</marc:subfield>
      </marc:datafield>
      <marc:datafield tag="880" ind1="1" ind2=" ">
         <marc:subfield code="6">100-01/r</marc:subfield>
         <marc:subfield code="a">&#x633;&#x627;&#x645;&#x631;&#x627;&#x626;&#x64A;&#x60C; &#x641;&#x627;&#x636;&#x644; &#x635;&#x627;&#x644;&#x62D;.</marc:subfield>
      </marc:datafield>
      <marc:datafield tag="880" ind1="1" ind2="2">
         <marc:subfield code="6">245-02/r</marc:subfield>
         <marc:subfield code="a">&#x627;&#x644;&#x62F;&#x631;&#x627;&#x633;&#x627;&#x62A; &#x627;&#x644;&#x646;&#x62D;&#x648;&#x64A;&#x629; &#x648;&#x627;&#x644;&#x644;&#x63A;&#x648;&#x64A;&#x629; &#x639;&#x646;&#x62F; &#x627;&#x644;&#x632;&#x645;&#x62E;&#x634;&#x631;&#x64A; /</marc:subfield>
         <marc:subfield code="c">&#x62A;&#x623;&#x644;&#x64A;&#x641; &#x641;&#x627;&#x636;&#x644; &#x635;&#x627;&#x644;&#x62D; &#x627;&#x644;&#x633;&#x627;&#x645;&#x631;&#x627;&#x626;&#x64A;.</marc:subfield>
      </marc:datafield>
      <marc:datafield tag="880" ind1=" " ind2=" ">
         <marc:subfield code="6">260-03/r</marc:subfield>
         <marc:subfield code="a">[&#x628;&#x63A;&#x62F;&#x627;&#x62F;] :</marc:subfield>
         <marc:subfield code="b">&#x62F;&#x627;&#x631; &#x627;&#x644;&#x646;&#x630;&#x64A;&#x631;&#x60C;</marc:subfield>
         <marc:subfield code="c">1970.</marc:subfield>
      </marc:datafield>
      <marc:datafield tag="880" ind1="1" ind2="0">
         <marc:subfield code="6">600-04/r</marc:subfield>
         <marc:subfield code="a">&#x632;&#x645;&#x62E;&#x634;&#x631;&#x64A;&#x60C; &#x645;&#x62D;&#x645;&#x648;&#x62F; &#x628;&#x646; &#x639;&#x645;&#x631;&#x60C;</marc:subfield>
         <marc:subfield code="d">1075-1144.</marc:subfield>
      </marc:datafield>
      <marc:datafield tag="852" ind1="0" ind2=" ">
         <marc:subfield code="b">nec</marc:subfield>
         <marc:subfield code="h">PJ6064.Z36</marc:subfield>
         <marc:subfield code="i">S263 1970</marc:subfield>
         <marc:subfield code="p">3052299</marc:subfield>
         <marc:subfield code="x">reclassed from: 2276.99.897</marc:subfield>
      </marc:datafield>
      <marc:datafield tag="911" ind1=" " ind2=" ">
         <marc:subfield code="a">20000130</marc:subfield>
      </marc:datafield>
      <marc:datafield tag="994" ind1=" " ind2=" ">
         <marc:subfield code="a">C0</marc:subfield>
         <marc:subfield code="b">PUL</marc:subfield>
      </marc:datafield>
      <marc:datafield tag="999" ind1=" " ind2=" ">
         <marc:subfield code="a">2741661</marc:subfield>
      </marc:datafield>
   </marc:record>
</marc:collection>
